@misc{tabela-comercial,
title = {Valores Comerciais de Resistores, Capacitores, Indutores e Fusíveis.},
note = {Disponível em: \url{http://www3.eletronica.org/dicas-e-hacks/valores-comerciais-de-resistores-capacitores-indutores-e-fusiveis}. Acesso em: 16 de maio de 2020.}
}

@misc{wiki-filtro-passivo,
title = {Passivity (engineering)},
note = {Disponível em: \url{https://en.wikipedia.org/wiki/Passivity_(engineering)}. Acesso em: 21 de junho de 2020.}
}

@misc{wiki-filtro-eletronico,
title = {Electronic filter},
note = {Disponível em \url{https://en.wikipedia.org/wiki/Electronic_filter}. Acesso em: 21 de junho de 2020.}
}

@misc{equalizador,
title = {Audio Equalizer},
author = {Betty Lise Anderson},
note = {Disponível em \url{https://www2.ece.ohio-state.edu/~anderson/Outreachfiles/AudioEqualizer.pdf}. Acesso em 21 de junho de 2020.}
}

@misc{wiki-passa-alta,
title = {High-pass filter},
note = {Disponível em \url{https://en.wikipedia.org/wiki/High-pass_filter}. Acesso em 21 de junho de 2020.}
}

@misc{wiki-passa-baixa,
title = {Low-pass filter},
note = {Disponível em \url{https://en.wikipedia.org/wiki/Low-pass_filter}. Acesso em 21 de junho de 2020.}
}

@misc{wiki-passa-faixa,
title = {Band-pass filter},
note = {Disponível em\url{https://en.wikipedia.org/wiki/Band-pass_filter}. Acesso em 21 de junho de 2020.}
}