@misc{buta2011galaxy,
  title={Galaxy Morphology},
  author={Ronald J. Buta},
  year={2011},
  eprint={1102.0550},
  archivePrefix={arXiv},
  primaryClass={astro-ph.CO}
}

@article{hubble1926,
author = {{Hubble}, E.~P.},
title = "{Extragalactic nebulae.}",
journal = {Astrophysical Journal},
year = "1926",
month = "Dec",
volume = {64},
pages = {321-369},
doi = {10.1086/143018},
adsurl = {https://ui.adsabs.harvard.edu/abs/1926ApJ....64..321H},
adsnote = {Provided by the SAO/NASA Astrophysics Data System}
}
@article{coe2012clash,
  title={CLASH: precise new constraints on the mass profile of the galaxy cluster A2261},
  author={Coe, Dan and Umetsu, Keiichi and Zitrin, Adi and Donahue, Megan and Medezinski, Elinor and Postman, Marc and Carrasco, Mauricio and Anguita, Timo and Geller, Margaret J and Rines, Kenneth J and others},
  journal={The Astrophysical Journal},
  volume={757},
  number={1},
  pages={22},
  year={2012},
  publisher={IOP Publishing}
}
@article{ILSVRC15,
  Author = {Olga Russakovsky and Jia Deng and Hao Su and Jonathan Krause and Sanjeev Satheesh and Sean Ma and Zhiheng Huang and Andrej Karpathy and Aditya Khosla and Michael Bernstein and Alexander C. Berg and Li Fei-Fei},
  Title = {{ImageNet Large Scale Visual Recognition Challenge}},
  Year = {2015},
  journal   = {International Journal of Computer Vision (IJCV)},
  doi = {10.1007/s11263-015-0816-y},
  volume={115},
  number={3},
  pages={211-252}
}

@article{yamauchi2005,
  title={Morphological Classification of Galaxies Using Photometric Parameters: The Concentration Index versus the Coarseness Parameter},
  volume={130},
  ISSN={1538-3881},
  url={http://dx.doi.org/10.1086/444416},
  DOI={10.1086/444416},
  number={4},
  journal={The Astronomical Journal},
  publisher={IOP Publishing},
  author={Yamauchi, Chisato and Ichikawa, Shin-ichi and Doi, Mamoru and others},
  year={2005},
  month={10},
  pages={1545–1557}
}

@inbook{fortson2012,
author = {{Fortson}, Lucy and {Masters}, Karen and {Nichol}, Robert and
    others},
title = "{Galaxy Zoo: Morphological Classification and Citizen Science}",
keywords = {Astrophysics - Instrumentation and Methods for Astrophysics, Astrophysics - Cosmology and Extragalactic Astrophysics},
booktitle = {Advances in Machine Learning and Data Mining for Astronomy, CRC Press, Taylor \& Francis Group, Eds.: Michael J. Way, Jeffrey D. Scargle, Kamal M. Ali, Ashok N. Srivastava, p. 213-236},
year = "2012",
editor = {{Way}, Michael J. and {Scargle}, Jeffrey D. and {Ali}, Kamal M. and
      {Srivastava}, Ashok N.},
pages = {213-236},
adsurl = {https://ui.adsabs.harvard.edu/abs/2012amld.book..213F},
adsnote = {Provided by the SAO/NASA Astrophysics Data System}
}

@article{hart2016,
author = {Hart, Ross E. and Bamford, Steven P. and Willett, Kyle W. and others},
title = "{Galaxy Zoo: comparing the demographics of spiral arm number and a new method for correcting redshift bias}",
journal = {Monthly Notices of the Royal Astronomical Society},
volume = {461},
number = {4},
pages = {3663-3682},
year = {2016},
month = {07},
issn = {0035-8711},
doi = {10.1093/mnras/stw1588},
}

@article{barchi2020,
  title={Machine and Deep Learning applied to galaxy morphology - A comparative study},
  volume={30},
  ISSN={2213-1337},
  DOI={10.1016/j.ascom.2019.100334},
  journal={Astronomy and Computing},
  publisher={Elsevier BV},
  author={Barchi, P.H. and de Carvalho, R.R. and Rosa, R.R. and others},
  year={2020},
  month={Jan},
  pages={100334}
}

@misc{dai2018,
  title={Galaxy Morphology Classification with Deep Convolutional Neural Networks},
  author={Jia-Ming Dai and Jizhou Tong},
  year={2018},
  eprint={1807.10406},
  archivePrefix={arXiv},
  primaryClass={astro-ph.GA}
}

@article{oliveira2019,
  title={The Southern Photometric Local Universe Survey (S-PLUS): improved SEDs, morphologies, and redshifts with 12 optical filters},
  volume={489},
  ISSN={1365-2966},
  url={http://dx.doi.org/10.1093/mnras/stz1985},
  DOI={10.1093/mnras/stz1985},
  number={1},
  journal={Monthly Notices of the Royal Astronomical Society},
  publisher={Oxford University Press (OUP)},
  author={Mendes de Oliveira, C and Ribeiro, T and Schoenell, W and others},
  year={2019},
  month={Aug},
  pages={241–267}
}

@article{srivastava2014,
  author  = {Nitish Srivastava and Geoffrey Hinton and Alex Krizhevsky and Ilya Sutskever and Ruslan Salakhutdinov},
  title   = {Dropout: A Simple Way to Prevent Neural Networks from Overfitting},
  journal = {Journal of Machine Learning Research},
  year    = {2014},
  volume  = {15},
  pages   = {1929-1958},
  url     = {http://jmlr.org/papers/v15/srivastava14a.html}
}

@article{hinton2012,
    author = {Hinton, Geoffrey E. and Srivastava, Nitish and Krizhevsky, Alex and Sutskever, Ilya and Salakhutdinov, Ruslan R.},
    title = {{Improving neural networks by preventing co-adaptation of feature detectors}},
    journal = {arXiv},
    year = {2012},
    month = jul,
    doi = {10.48550/arXiv.1207.0580}
}

@article{wardefarley2013,
    author = {Warde-Farley, David and Goodfellow, Ian J. and Courville, Aaron and Bengio, Yoshua},
    title = {{An empirical analysis of dropout in piecewise linear networks}},
    journal = {arXiv},
    year = {2013},
    month = dec,
    doi = {10.48550/arXiv.1312.6197}
}

@online{cardoso2020,
  author = {{Cardoso}, Natanael Magalhães},
  title = {Automatizando o download de imagens do SDSS},
  url = {https://iagml.github.io/blog/2019/11/automatizando-download-de-imagens-do-sdss},
  urldate = {2020-01-15}
}

@article{Fawcett2006,
  doi = {10.1016/j.patrec.2005.10.010},
  url = {https://doi.org/10.1016/j.patrec.2005.10.010},
  year = {2006},
  month = jun,
  publisher = {Elsevier {BV}},
  volume = {27},
  number = {8},
  pages = {861--874},
  author = {Tom Fawcett},
  title = {An introduction to {ROC} analysis},
  journal = {Pattern Recognition Letters}
}

@article{Hanley1982,
  doi = {10.1148/radiology.143.1.7063747},
  url = {https://doi.org/10.1148/radiology.143.1.7063747},
  year = {1982},
  month = apr,
  publisher = {Radiological Society of North America ({RSNA})},
  volume = {143},
  number = {1},
  pages = {29--36},
  author = {J A Hanley and B J McNeil},
  title = {The meaning and use of the area under a receiver operating characteristic ({ROC}) curve.},
  journal = {Radiology}
}

@ARTICLE{Hansen1990,
  author={L. K. {Hansen} and P. {Salamon}},
  journal={IEEE Transactions on Pattern Analysis and Machine Intelligence},
  title={Neural network ensembles},
  year={1990},
  volume={12},
  number={10},
  pages={993-1001},
  doi={10.1109/34.58871}
}

@article {KinZen01,
  title = {Logistic Regression in Rare Events Data},
  journal = {Political Analysis},
  volume = {9},
  year = {2001},
  month = {Spring},
  pages = {137{\textendash}163},
  author = {Gary King and Langche Zeng}
}

@article{Kearns1989,
  author = {Kearns, Michael and Valiant, Leslie},
  title = {Cryptographic Limitations on Learning Boolean Formulae and Finite Automata},
  year = {1994},
  issue_date = {Jan. 1994},
  publisher = {Association for Computing Machinery},
  address = {New York, NY, USA},
  volume = {41},
  number = {1},
  issn = {0004-5411},
  url = {https://doi.org/10.1145/174644.174647},
  doi = {10.1145/174644.174647},
  journal = {J. ACM},
  month = jan,
  pages = {67–95},
  numpages = {29}
}

@inproceedings{Kerans1989,
  author = {Kearns, M. and Valiant, L. G.},
  title = {Crytographic Limitations on Learning Boolean Formulae and Finite Automata},
  year = {1989},
  isbn = {0897913078},
  publisher = {Association for Computing Machinery},
  address = {New York, NY, USA},
  url = {https://doi.org/10.1145/73007.73049},
  doi = {10.1145/73007.73049},
  booktitle = {Proceedings of the Twenty-First Annual ACM Symposium on Theory of Computing},
  pages = {433–444},
  numpages = {12},
  location = {Seattle, Washington, USA},
  series = {STOC '89}
}

@article{Schapire1990,
  doi = {10.1007/bf00116037},
  url = {https://doi.org/10.1007/bf00116037},
  year = {1990},
  month = jun,
  publisher = {Springer Science and Business Media {LLC}},
  volume = {5},
  number = {2},
  pages = {197--227},
  author = {Robert E. Schapire},
  title = {The strength of weak learnability},
  journal = {Machine Learning}
}

@article{Breiman1996,
  doi = {10.1007/bf00058655},
  url = {https://doi.org/10.1007/bf00058655},
  year = {1996},
  month = aug,
  publisher = {Springer Science and Business Media {LLC}},
  volume = {24},
  number = {2},
  pages = {123--140},
  author = {Leo Breiman},
  title = {Bagging predictors},
  journal = {Machine Learning}
}

@article{Wolpert1992,
  title = {Stacked generalization},
  journal = {Neural Networks},
  volume = {5},
  number = {2},
  pages = {241-259},
  year = {1992},
  issn = {0893-6080},
  doi = {https://doi.org/10.1016/S0893-6080(05)80023-1},
  url = {https://www.sciencedirect.com/science/article/pii/S0893608005800231},
  author = {David H. Wolpert}
}

@article{Breiman1996b,
  doi = {10.1007/bf00117832},
  url = {https://doi.org/10.1007/bf00117832},
  year = {1996},
  month = jul,
  publisher = {Springer Science and Business Media {LLC}},
  volume = {24},
  number = {1},
  pages = {49--64},
  author = {Leo Breiman},
  title = {Stacked regressions},
  journal = {Machine Learning}
}

@article{Smyth1999,
  doi = {10.1023/a:1007511322260},
  url = {https://doi.org/10.1023/a:1007511322260},
  year = {1999},
  publisher = {Springer Science and Business Media {LLC}},
  volume = {36},
  number = {1/2},
  pages = {59--83},
  author = {Padhraic Smyth and David Wolpert},
  journal = {Machine Learning},
  title = {Linearly Combining Density Estimators via Stacking}
}

@book{Zhou2012,
  author = {Zhou, Zhi-Hua},
  title = {Ensemble Methods: Foundations and Algorithms},
  year = {2012},
  isbn = {1439830037},
  publisher = {Chapman \& Hall/CRC},
  edition = {1st},
}

@misc{VGG16,
  title={Very Deep Convolutional Networks for Large-Scale Image Recognition},
  author={Karen Simonyan and Andrew Zisserman},
  year={2015},
  eprint={1409.1556},
  archivePrefix={arXiv},
  primaryClass={cs.CV}
}

@misc{InceptionResNetv2,
  title={Inception-v4, Inception-ResNet and the Impact of Residual Connections on Learning},
  author={Christian Szegedy and Sergey Ioffe and Vincent Vanhoucke and Alex Alemi},
  year={2016},
  eprint={1602.07261},
  archivePrefix={arXiv},
  primaryClass={cs.CV}
}

@misc{DenseNet,
  title={Densely Connected Convolutional Networks},
  author={Gao Huang and Zhuang Liu and Laurens van der Maaten and Kilian Q. Weinberger},
  year={2018},
  eprint={1608.06993},
  archivePrefix={arXiv},
  primaryClass={cs.CV}
}

@misc{EfficientNet,
  title={EfficientNet: Rethinking Model Scaling for Convolutional Neural Networks},
  author={Mingxing Tan and Quoc V. Le},
  year={2020},
  eprint={1905.11946},
  archivePrefix={arXiv},
  primaryClass={cs.LG}
}

@misc{Adam,
  title={Adam: A Method for Stochastic Optimization},
  author={Diederik P. Kingma and Jimmy Ba},
  year={2017},
  eprint={1412.6980},
  archivePrefix={arXiv},
  primaryClass={cs.LG}
}

@inproceedings{NAdam,
  title={Incorporating Nesterov Momentum into},
  author={Timothy Dozat},
  year={2015}
}

@misc{RAdam,
  title={On the Variance of the Adaptive Learning Rate and Beyond},
  author={Liyuan Liu and Haoming Jiang and Pengcheng He and Weizhu Chen and Xiaodong Liu and Jianfeng Gao and Jiawei Han},
  year={2020},
  eprint={1908.03265},
  archivePrefix={arXiv},
  primaryClass={cs.LG}
}

@misc{RMSprop,
  title={On the Variance of the Adaptive Learning Rate and Beyond},
  author={Geoffrey	Hinton and Nitish Srivastava and Kevin Swersky},
  year={2012}
}

@book{CholletBook,
  author = {Chollet, Francois},
  title = {Deep Learning with Python},
  year = {2017},
  isbn = {1617294438},
  publisher = {Manning Publications Co.},
  address = {USA},
  edition = {1st}
}

@article{lecun2015deep,
  author    = {Yann LeCun and
      Yoshua Bengio and
      Geoffrey E. Hinton},
  title     = {Deep learning},
  journal   = {Nature},
  volume    = {521},
  number    = {7553},
  pages     = {436--444},
  year      = {2015},
  url       = {https://doi.org/10.1038/nature14539},
  doi       = {10.1038/nature14539},
  timestamp = {Mon, 08 Jun 2020 22:21:28 +0200},
  biburl    = {https://dblp.org/rec/journals/nature/LeCunBH15.bib},
  bibsource = {dblp computer science bibliography, https://dblp.org}
}

@inproceedings{vedaldi2015matconvnet,
  author = {Vedaldi, Andrea and Lenc, Karel},
  title = {MatConvNet: Convolutional Neural Networks for MATLAB},
  year = {2015},
  isbn = {9781450334594},
  publisher = {Association for Computing Machinery},
  address = {New York, NY, USA},
  url = {https://doi.org/10.1145/2733373.2807412},
  doi = {10.1145/2733373.2807412},
  booktitle = {Proceedings of the 23rd ACM International Conference on Multimedia},
  pages = {689–692},
  numpages = {4},
  keywords = {deep learning, convolutional neural networks, image understanding, machine learning, computer vision},
  location = {Brisbane, Australia},
  series = {MM '15}
}

@book{Goodfellow2016,
  title={Deep Learning},
  author={Ian Goodfellow and Yoshua Bengio and Aaron Courville},
  publisher={MIT Press},
  year={2016}
}

@inproceedings{Simard2003,
  doi={10.5555/938980.939477},
  author = {Patrice Y. Simard and Dave Steinkraus and John C. Platt},
  title = {Best Practices for Convolutional Neural Networks Applied to Visual Document Analysis},
  year = {2003},
  isbn = {0769519601},
  publisher = {IEEE Computer Society},
  address = {USA},
  booktitle = {Proceedings of the Seventh International Conference on Document Analysis and Recognition - Volume 2},
  pages = {958},
  series = {ICDAR '03}
}

@inproceedings{Larry1996,
  author = {Yaeger, Larry and Lyon, Richard and Webb, Brandyn},
  title = {Effective Training of a Neural Network Character Classifier for Word Recognition},
  year = {1996},
  publisher = {MIT Press},
  address = {Cambridge, MA, USA},
  booktitle = {Proceedings of the 9th International Conference on Neural Information Processing Systems},
  pages = {807–813},
  numpages = {7},
  location = {Denver, Colorado},
  series = {NIPS'96}
}

@inproceedings{Bridle1990,
  author = {Bridle, John},
  booktitle = {Advances in Neural Information Processing Systems},
  editor = {D. Touretzky},
  pages = {},
  publisher = {Morgan-Kaufmann},
  title = {Training Stochastic Model Recognition Algorithms as Networks can Lead to Maximum Mutual Information Estimation of Parameters},
  url = {https://proceedings.neurips.cc/paper/1989/file/0336dcbab05b9d5ad24f4333c7658a0e-Paper.pdf},
  volume = {2},
  year = {1990}
}

@incollection{Frayman2002,
  doi = {10.1007/3-540-36187-1_45},
  url = {https://doi.org/10.1007/3-540-36187-1_45},
  year = {2002},
  publisher = {Springer Berlin Heidelberg},
  pages = {511--522},
  author = {Yakov Frayman and Bernard F. Rolfe and Geoffrey I. Webb},
  title = {Solving Regression Problems Using Competitive Ensemble Models},
  booktitle = {Lecture Notes in Computer Science}
}

@article{DenseNetEx01,
  title={Classification of breast cancer histopathological images using interleaved DenseNet with SENet (IDSNet)},
  author={Xia Li and Xi Shen and Yongxia Zhou and Xiuhui Wang and Tie-Qiang Li},
  journal={PLoS ONE},
  year={2020},
  volume={15},
  doi={10.1371/journal.pone.0232127}
}

@article{DenseNetEx02,
  title={Protein Contact Map Prediction Based on ResNet and DenseNet},
  author={Zhong Li and Yuele Lin and Arne Elofsson and Yuhua Yao},
  journal={BioMed Research International},
  year={2020},
  volume={2020},
  doi={10.1155/2020/7584968}
}

@article{DenseNetEx03,
  author = {Wang, Shui-Hua and Zhang, Yu-Dong},
  title = {DenseNet-201-Based Deep Neural Network with Composite Learning Factor and Precomputation for Multiple Sclerosis Classification},
  year = {2020},
  issue_date = {July 2020},
  publisher = {Association for Computing Machinery},
  address = {New York, NY, USA},
  volume = {16},
  number = {2s},
  issn = {1551-6857},
  url = {https://doi.org/10.1145/3341095},
  doi = {10.1145/3341095},
  journal = {ACM Trans. Multimedia Comput. Commun. Appl.},
  month = jun,
  articleno = {60},
  numpages = {19},
  keywords = {transfer learning, deep learning, precomputation, simple learning factor, DenseNet, composite learning factor, deep neural network, Multiple sclerosis}
}

@article{DenseNetEx04,
  doi = {10.1007/s00138-020-01069-2},
  url = {https://doi.org/10.1007/s00138-020-01069-2},
  year = {2020},
  month = mar,
  publisher = {Springer Science and Business Media {LLC}},
  volume = {31},
  number = {3},
  author = {Taranjit Kaur and Tapan Kumar Gandhi},
  title = {Deep convolutional neural networks with transfer learning for automated brain image classification},
  journal = {Machine Vision and Applications}
}

@incollection{DenseNetEx05,
doi = {10.1007/978-3-030-51517-1_1},
url = {https://doi.org/10.1007/978-3-030-51517-1_1},
year = {2020},
publisher = {Springer International Publishing},
pages = {3--15},
author = {Braulio Solano-Rojas and Ricardo Villal{\'{o}}n-Fonseca and Gabriela Mar{\'{\i}}n-Ravent{\'{o}}s},
title = {Alzheimer's Disease Early Detection Using a Low Cost Three-Dimensional Densenet-121 Architecture},
booktitle = {Lecture Notes in Computer Science}
}

@article{InceptionResNetV2Ex01,
  doi = {10.3390/rs10071119},
  url = {https://doi.org/10.3390/rs10071119},
  year = {2018},
  month = jul,
  publisher = {{MDPI} {AG}},
  volume = {10},
  number = {7},
  pages = {1119},
  author = {Masoud Mahdianpari and Bahram Salehi and Mohammad Rezaee and Fariba Mohammadimanesh and Yun Zhang},
  title = {Very Deep Convolutional Neural Networks for Complex Land Cover Mapping Using Multispectral Remote Sensing Imagery},
  journal = {Remote Sensing}
}

@article{InceptionResNetV2Ex02,
  doi = {10.1177/0161734620932609},
  url = {https://doi.org/10.1177/0161734620932609},
  year = {2020},
  month = jun,
  publisher = {{SAGE} Publications},
  volume = {42},
  number = {4-5},
  pages = {213--220},
  author = {Tomoyuki Fujioka and Leona Katsuta and Kazunori Kubota and others},
  title = {Classification of Breast Masses on Ultrasound Shear Wave Elastography using Convolutional Neural Networks},
  journal = {Ultrasonic Imaging}
}

@article{InceptionResNetV2Ex03,
  doi = {10.3390/cancers12061604},
  url = {https://doi.org/10.3390/cancers12061604},
  year = {2020},
  month = jun,
  publisher = {{MDPI} {AG}},
  volume = {12},
  number = {6},
  pages = {1604},
  author = {Mark Kriegsmann and Christian Haag and Cleo-Aron Weis and others},
  title = {Deep Learning for the Classification of Small-Cell and Non-Small-Cell Lung Cancer},
  journal = {Cancers}
}

@inproceedings{EfficientNetEx01,
  doi = {10.22489/cinc.2020.063},
  url = {https://doi.org/10.22489/cinc.2020.063},
  year = {2020},
  month = dec,
  publisher = {Computing in Cardiology},
  author = {Naoki Nonaka and Jun Seita},
  title = {Electrocardiogram Classification by Modified {EfficientNet} with Data Augmentation},
  booktitle = {2020 Computing in Cardiology Conference ({CinC})}
}

@inproceedings{EfficientNetEx02,
  doi = {10.1145/3429210.3429220},
  url = {https://doi.org/10.1145/3429210.3429220},
  year = {2020},
  month = nov,
  publisher = {{ACM}},
  author = {David William Edwards II and Imren Dinc},
  title = {Classification of Protein Crystallization Images using {EfficientNet} with Data Augmentation},
  booktitle = {{CSBio} {\textquotesingle}20: Proceedings of the Eleventh International Conference on Computational Systems-Biology and Bioinformatics}
}

@article{EfficientNetEx03,
  doi = {10.1016/j.compag.2020.105652},
  url = {https://doi.org/10.1016/j.compag.2020.105652},
  year = {2020},
  month = sep,
  publisher = {Elsevier {BV}},
  volume = {176},
  pages = {105652},
  author = {Pan Zhang and Ling Yang and Daoliang Li},
  title = {{EfficientNet}-B4-Ranger: A novel method for greenhouse cucumber disease recognition under natural complex environment},
  journal = {Computers and Electronics in Agriculture}
}

@incollection{VGG16Ex01,
  doi = {10.1007/978-3-319-77028-4_9},
  url = {https://doi.org/10.1007/978-3-319-77028-4_9},
  year = {2018},
  publisher = {Springer International Publishing},
  pages = {51--59},
  author = {Edmar Rezende and Guilherme Ruppert and Tiago Carvalho and Antonio Theophilo and Fabio Ramos and Paulo de Geus},
  title = {Malicious Software Classification Using {VGG}16 Deep Neural Network's Bottleneck Features},
  booktitle = {Advances in Intelligent Systems and Computing}
}

@article{VGG16Ex02,
  doi = {10.14419/ijet.v7i4.11.20781},
  url = {https://doi.org/10.14419/ijet.v7i4.11.20781},
  year = {2018},
  month = oct,
  publisher = {Science Publishing Corporation},
  volume = {7},
  number = {4.11},
  pages = {90},
  author = {Mohamad Aqib Haqmi Abas and Nurlaila Ismail and Ahmad Ihsan Mohd Yassin and Mohd Nasir Taib},
  title = {{VGG}16 for Plant Image Classification with Transfer Learning and Data Augmentation},
  journal = {International Journal of Engineering {\&} Technology}
}

@article{VGG16Ex03,
  author = {Belaid, Ouiza Nait and Loudini, Malik},
  title = {Classification of Brain Tumor by Combination of Pre-Trained VGG16 CNN},
  journal = {Journal of Information Technology Management},
  volume = {12},
  number = {2},
  pages = {13-25},
  year  = {2020},
  publisher = {Faculty of Management, University of Tehran},
  issn = {2008-5893},
  eissn = {2423-5059},
  doi = {10.22059/jitm.2020.75788},
  keywords = {Brain tumor,Deep learning,VGG16 CNN,GLCM features},
  url = {https://jitm.ut.ac.ir/article_75788.html},
  eprint = {https://jitm.ut.ac.ir/article_75788_e36c948ee9258c82b9398f136692f3f5.pdf}
}

@INPROCEEDINGS{ResNet,
  author={He, Kaiming and Zhang, Xiangyu and Ren, Shaoqing and Sun, Jian},
  booktitle={2016 IEEE Conference on Computer Vision and Pattern Recognition (CVPR)},
  title={Deep Residual Learning for Image Recognition},
  year={2016},
  volume={},
  number={},
  pages={770-778},
  doi={10.1109/CVPR.2016.90}}

@INPROCEEDINGS{Inception,
  author={Szegedy, Christian and Wei Liu and Yangqing Jia and Sermanet, Pierre and Reed, Scott and Anguelov, Dragomir and Erhan, Dumitru and Vanhoucke, Vincent and Rabinovich, Andrew},
  booktitle={2015 IEEE Conference on Computer Vision and Pattern Recognition (CVPR)},
  title={Going deeper with convolutions},
  year={2015},
  volume={},
  number={},
  pages={1-9},
  doi={10.1109/CVPR.2015.7298594}}

@article{EnsembleEx01,
  doi = {10.1109/access.2020.3040275},
  url = {https://doi.org/10.1109/access.2020.3040275},
  year = {2020},
  publisher = {Institute of Electrical and Electronics Engineers ({IEEE})},
  volume = {8},
  pages = {212499--212508},
  author = {Jing Wang and Liu Yang and Zhanqiang Huo and Weifeng He and Junwei Luo},
  title = {Multi-Label Classification of Fundus Images With {EfficientNet}},
  journal = {{IEEE} Access}
}

@misc{EnsembleEx02,
  title={Identifying Melanoma Images using EfficientNet Ensemble: Winning Solution to the SIIM-ISIC Melanoma Classification Challenge},
  author={Qishen Ha and Bo Liu and Fuxu Liu},
  year={2020},
  eprint={2010.05351},
  archivePrefix={arXiv},
  primaryClass={cs.CV}
}

@misc{EnsembleEx03,
  title={Meta-Learning for Anomaly Classification with Set Equivariant Networks: Application in the Milky Way},
  author={Ademola Oladosu and Tony Xu and Philip Ekfeldt and others},
  year={2020},
  eprint={2007.04459},
  archivePrefix={arXiv},
  primaryClass={cs.LG}
}

@article{CNNEx01,
  doi = {10.1016/j.ophtha.2017.02.008},
  url = {https://doi.org/10.1016/j.ophtha.2017.02.008},
  year = {2017},
  month = jul,
  publisher = {Elsevier {BV}},
  volume = {124},
  number = {7},
  pages = {962--969},
  author = {Rishab Gargeya and Theodore Leng},
  title = {Automated Identification of Diabetic Retinopathy Using Deep Learning},
  journal = {Ophthalmology}
}

@article{CNNEx02,
  doi = {10.1088/1361-6382/aab793},
  url = {https://doi.org/10.1088/1361-6382/aab793},
  year = {2018},
  month = apr,
  publisher = {{IOP} Publishing},
  volume = {35},
  number = {9},
  pages = {095016},
  author = {Massimiliano Razzano and Elena Cuoco},
  title = {Image-based deep learning for classification of noise transients in gravitational wave detectors},
  journal = {Classical and Quantum Gravity}
}

@article{CNNEx03,
  doi = {10.1093/mnras/stz2934},
  url = {https://doi.org/10.1093/mnras/stz2934},
  year = {2019},
  month = oct,
  publisher = {Oxford University Press ({OUP})},
  volume = {490},
  number = {4},
  pages = {5390--5413},
  author = {Connor Bottrell and Maan H Hani and Hossen Teimoorinia and Sara L Ellison and others},
  title = {Deep learning predictions of galaxy merger stage and the importance of observational realism},
  journal = {Monthly Notices of the Royal Astronomical Society}
}

@article{CNNEx04,
  doi = {10.1007/s12145-019-00434-8},
  url = {https://doi.org/10.1007/s12145-019-00434-8},
  year = {2019},
  month = dec,
  publisher = {Springer Science and Business Media {LLC}},
  volume = {13},
  number = {3},
  pages = {601--617},
  author = {Ansh Mittal and Anu Soorya and Preeti Nagrath and D. Jude Hemanth},
  title = {Data augmentation based morphological classification of galaxies using deep convolutional neural network},
  journal = {Earth Science Informatics}
}

@inproceedings{DataAugEx01,
doi = {10.5753/sbcas.2017.3717},
url = {https://doi.org/10.5753/sbcas.2017.3717},
year = {2017},
month = jul,
publisher = {Sociedade Brasileira de Computa{\c{c}}{\~{a}}o - {SBC}},
author = {Alan Santos and Kelson Aires and Rodrigo Veras and others},
title = {Uma Abordagem de Classifica{\c{c}}{\~{a}}o de Imagens Dermatosc{\'{o}}picas Utilizando Aprendizado Profundo com Redes Neurais Convolucionais},
booktitle = {Anais do Simp{\'{o}}sio Brasileiro de Computa{\c{c}}{\~{a}}o Aplicada {\`{a}} Sa{\'{u}}de ({SBCAS})}
}

@misc{bom2021,
  title={Deep Learning Assessment of galaxy morphology in S-PLUS DataRelease 1},
  author={C. R. Bom and A. Cortesi and G. Lucatelli and others},
  year={2021},
  eprint={2104.00018},
  archivePrefix={arXiv},
  primaryClass={astro-ph.GA}
}

@misc{tensorflow,
title={{TensorFlow}: Large-Scale Machine Learning on Heterogeneous Systems},
url={http://tensorflow.org/},
note={Software available from tensorflow.org},
author={
Mart\'{\i}n~Abadi and
Ashish~Agarwal and
Paul~Barham and
others},
year={2015},
}

@misc{keras,
  title={Keras},
  author={Chollet, Fran\c{c}ois and others},
  year={2015},
  howpublished={\url{https://keras.io}},
}

@misc{trilogy,
  title={Trilogy},
  author={Dan Coe},
  year={2012},
  howpublished={\url{https://www.stsci.edu/~dcoe/trilogy/Intro.html}},
}

@article{python,
  title={Interactively testing remote servers using the Python programming language},
  author={ Guido van Rossum and Jelke de Boer},
  journal={CWi Quarterly},
  volume={4},
  number={4},
  pages={283--303},
  year={1991}
}

@article{astropy,
doi = {10.3847/1538-3881/aabc4f},
url = {https://doi.org/10.3847/1538-3881/aabc4f},
year = {2018},
month = aug,
publisher = {American Astronomical Society},
volume = {156},
number = {3},
pages = {123},
author = {A. M. Price-Whelan and B. M. Sip{\H{o}}cz and H. M. G\"{u}nther and others},
title = {The Astropy Project: Building an Open-science Project and Status of the v2.0 Core Package},
journal = {The Astronomical Journal}
}

@article{sklearn,
  title={Scikit-learn: Machine Learning in {P}ython},
  author={Pedregosa, F. and Varoquaux, G. and Gramfort, A. and others},
  journal={Journal of Machine Learning Research},
  volume={12},
  pages={2825--2830},
  year={2011}
}

@article{skimg,
doi = {10.7717/peerj.453},
url = {https://doi.org/10.7717/peerj.453},
year = {2014},
month = jun,
publisher = {{PeerJ}},
volume = {2},
pages = {e453},
author = {St{\'{e}}fan van der Walt and Johannes L. Sch\"{o}nberger and Juan Nunez-Iglesias and others},
title = {scikit-image: image processing in Python},
journal = {{PeerJ}}
}

@Article{numpy,
title         = {Array programming with {NumPy}},
author        = {Charles R. Harris and K. Jarrod Millman and St{'{e}}fan J.
van der Walt and others},
year          = {2020},
month         = sep,
journal       = {Nature},
volume        = {585},
number        = {7825},
pages         = {357--362},
doi           = {10.1038/s41586-020-2649-2},
publisher     = {Springer Science and Business Media {LLC}},
url           = {https://doi.org/10.1038/s41586-020-2649-2}
}

@article{scipy,
  author  = {Virtanen, Pauli and Gommers, Ralf and Oliphant, Travis E. and others},
  title   = {{{SciPy} 1.0: Fundamental Algorithms for Scientific
          Computing in Python}},
  journal = {Nature Methods},
  year    = {2020},
  volume  = {17},
  pages   = {261--272},
  adsurl  = {https://rdcu.be/b08Wh},
  doi     = {10.1038/s41592-019-0686-2},
}

@article{ipython,
  author={F. {Perez} and B. E. {Granger}},
  journal={Computing in Science   Engineering},
  title={IPython: A System for Interactive Scientific Computing},
  year={2007},
  volume={9},
  number={3},
  pages={21-29},
  doi={10.1109/MCSE.2007.53}}

@article{matplotlib,
  author={J. D. {Hunter}},
  journal={Computing in Science Engineering},
  title={Matplotlib: A 2D Graphics Environment},
  year={2007},
  volume={9},
  number={3},
  pages={90-95},
  doi={10.1109/MCSE.2007.55}}

@InProceedings{pandas,
author    = { {W}es {M}c{K}inney },
title     = { {D}ata {S}tructures for {S}tatistical {C}omputing in {P}ython },
booktitle = { {P}roceedings of the 9th {P}ython in {S}cience {C}onference },
pages     = { 56 - 61 },
year      = { 2010 },
editor    = { {S}t\'efan van der {W}alt and {J}arrod {M}illman },
doi       = { 10.25080/Majora-92bf1922-00a }
}

@article{dropout,
  author  = {Nitish Srivastava and Geoffrey Hinton and Alex Krizhevsky and Ilya Sutskever and Ruslan Salakhutdinov},
  title   = {Dropout: A Simple Way to Prevent Neural Networks from Overfitting},
  journal = {Journal of Machine Learning Research},
  year    = {2014},
  volume  = {15},
  number  = {56},
  pages   = {1929-1958},
  url     = {http://jmlr.org/papers/v15/srivastava14a.html}
}

@misc{dropout2,
  title={Improving neural networks by preventing co-adaptation of feature detectors},
  author={Geoffrey E. Hinton and Nitish Srivastava and Alex Krizhevsky and others},
  year={2012},
  eprint={1207.0580},
  archivePrefix={arXiv},
  primaryClass={cs.NE}
}

@incollection{bilinear,
  doi = {10.1016/b978-0-12-374457-9.00003-2},
  url = {https://doi.org/10.1016/b978-0-12-374457-9.00003-2},
  year = {2009},
  publisher = {Elsevier},
  pages = {43--68},
  author = {Alan C. Bovik},
  title = {Basic Gray Level Image Processing},
  booktitle = {The Essential Guide to Image Processing}
}

@incollection{aliasing,
  doi = {10.1016/b978-155860659-3.50012-3},
  url = {https://doi.org/10.1016/b978-155860659-3.50012-3},
  year = {2005},
  publisher = {Elsevier},
  pages = {169--184},
  author = {Tom McReynolds and David Blythe},
  title = {Antialiasing},
  booktitle = {Advanced Graphics Programming Using {OpenGL}}
}

@Book{richards2013,
  author = {Richards, John},
  title = {Remote sensing digital image analysis: an introduction},
  publisher = {Springer},
  year = {2013},
  address = {Berlin New York},
  isbn = {978-3-642-30062-2}
}

@article{chen2016,
  doi = {10.1109/tgrs.2016.2584107},
  url = {https://doi.org/10.1109/tgrs.2016.2584107},
  year = {2016},
  month = oct,
  publisher = {Institute of Electrical and Electronics Engineers ({IEEE})},
  volume = {54},
  number = {10},
  pages = {6232--6251},
  author = {Yushi Chen and Hanlu Jiang and Chunyang Li and others},
  title = {Deep Feature Extraction and Classification of Hyperspectral Images Based on Convolutional Neural Networks},
  journal = {{IEEE} Transactions on Geoscience and Remote Sensing}
}


@article{hubel1959,
  doi = {10.1113/jphysiol.1959.sp006308},
  url = {https://doi.org/10.1113/jphysiol.1959.sp006308},
  year = {1959},
  month = oct,
  publisher = {Wiley},
  volume = {148},
  number = {3},
  pages = {574--591},
  author = {D. H. Hubel and T. N. Wiesel},
  title = {Receptive fields of single neurones in the cat{\textquotesingle}s striate cortex},
  journal = {The Journal of Physiology}
}

@article{hubel1962,
  doi = {10.1113/jphysiol.1962.sp006837},
  url = {https://doi.org/10.1113/jphysiol.1962.sp006837},
  year = {1962},
  month = jan,
  publisher = {Wiley},
  volume = {160},
  number = {1},
  pages = {106--154},
  author = {D. H. Hubel and T. N. Wiesel},
  title = {Receptive fields,  binocular interaction and functional architecture in the cat{\textquotesingle}s visual cortex},
  journal = {The Journal of Physiology}
}

@article{romanuke2017,
  doi = {10.20535/1810-0546.2017.1.88156},
  url = {https://doi.org/10.20535/1810-0546.2017.1.88156},
  year = {2017},
  month = mar,
  publisher = {Kyiv Politechnic Institute},
  volume = {0},
  number = {1},
  pages = {69--78},
  author = {Vadim Romanuke},
  title = {Appropriate Number and Allocation of {RELUS} in Convolutional Neural Networks},
  journal = {Research Bulletin of the National Technical University of Ukraine "Kyiv Politechnic Institute"},
  note = {RELU}
}

@article{krizhevsky2017,
  doi = {10.1145/3065386},
  url = {https://doi.org/10.1145/3065386},
  year = {2017},
  month = may,
  publisher = {Association for Computing Machinery ({ACM})},
  volume = {60},
  number = {6},
  pages = {84--90},
  author = {Alex Krizhevsky and Ilya Sutskever and Geoffrey E. Hinton},
  title = {{ImageNet} classification with deep convolutional neural networks},
  journal = {Communications of the {ACM}},
  note = {RELU}
}

@article{lecun1998,
  doi = {10.1109/5.726791},
  url = {https://doi.org/10.1109/5.726791},
  year = {1998},
  publisher = {Institute of Electrical and Electronics Engineers ({IEEE})},
  volume = {86},
  number = {11},
  pages = {2278--2324},
  author = {Y. Lecun and L. Bottou and Y. Bengio and P. Haffner},
  title = {Gradient-based learning applied to document recognition},
  journal = {Proceedings of the {IEEE}}
}

@article{lecun1989,
  doi = {10.1162/neco.1989.1.4.541},
  url = {https://doi.org/10.1162/neco.1989.1.4.541},
  year = {1989},
  month = dec,
  publisher = {{MIT} Press - Journals},
  volume = {1},
  number = {4},
  pages = {541--551},
  author = {Y. LeCun and B. Boser and J. S. Denker and others},
  title = {Backpropagation Applied to Handwritten Zip Code Recognition},
  journal = {Neural Computation}
}

@article{fukushima1980,
  doi = {10.1007/bf00344251},
  url = {https://doi.org/10.1007/bf00344251},
  year = {1980},
  month = apr,
  publisher = {Springer Science and Business Media {LLC}},
  volume = {36},
  number = {4},
  pages = {193--202},
  author = {Kunihiko Fukushima},
  title = {Neocognitron: A self-organizing neural network model for a mechanism of pattern recognition unaffected by shift in position},
  journal = {Biological Cybernetics}
}

@article{lecun2015,
  doi = {10.1038/nature14539},
  year = {2015},
  month = may,
  publisher = {Springer Science and Business Media {LLC}},
  volume = {521},
  number = {7553},
  pages = {436--444},
  author = {Yann LeCun and Yoshua Bengio and Geoffrey Hinton},
  title = {Deep learning},
  journal = {Nature}
}


@article{karpathy2016convolutional,
    author = {Johnson, Justin and Karpathy, Andrej and Fei-Fei, Li},
    title = "DenseCap: Fully Convolutional Localization Networks for Dense Captioning",
    journal = {arXiv},
    year = {2015},
    month = nov,
    doi = {10.48550/arXiv.1511.07571}
}

@article{darg-a,
  title     = "Galaxy Zoo: the fraction of merging galaxies in the {SDSS} and
  their morphologies",
  author    = "Darg, D W and Kaviraj, S and Lintott, C J and others",
  journal   = "Mon. Not. R. Astron. Soc.",
  publisher = "Oxford University Press (OUP)",
  volume    =  401,
  number    =  2,
  pages     = "1043--1056",
  month     =  jan,
  year      =  2010,
  language  = "en"
}

@article{darg-b,
  title     = "Galaxy Zoo: the properties of merging galaxies in the nearby
  Universe - local environments, colours, masses, star formation
  rates and {AGN} activity",
  author    = "Darg, D W and Kaviraj, S and Lintott, C J and others",
  journal   = "Mon. Not. R. Astron. Soc.",
  publisher = "Oxford University Press (OUP)",
  volume    =  401,
  number    =  3,
  pages     = "1552--1563",
  month     =  jan,
  year      =  2010,
  language  = "en"
}

@article{gzdecals,
  title     = "Galaxy Zoo {DECaLS}: Detailed visual morphology measurements
  from volunteers and deep learning for 314 000 galaxies",
  author    = "Walmsley, Mike and Lintott, Chris and G{\'e}ron, Tobias and
  others",
  journal   = "Mon. Not. R. Astron. Soc.",
  publisher = "Oxford University Press (OUP)",
  volume    =  509,
  number    =  3,
  pages     = "3966--3988",
  month     =  dec,
  year      =  2021,
  copyright = "https://creativecommons.org/licenses/by/4.0/",
  language  = "en"
}

@article{gz1,
  title     = "Galaxy Zoo 1: data release of morphological classifications for
  nearly 900 000 galaxies",
  author    = "Lintott, Chris and Schawinski, Kevin and Bamford, Steven and
  others",
  journal   = "Mon. Not. R. Astron. Soc.",
  publisher = "Oxford University Press (OUP)",
  volume    =  410,
  number    =  1,
  pages     = "166--178",
  month     =  jan,
  year      =  2011,
  language  = "en"
}

@article{sdss17,
       author = {{Abdurro'uf} and {Accetta}, Katherine and {Aerts}, Conny and {Silva Aguirre}, V{\'\i}ctor and {Ahumada}, Romina and {Ajgaonkar}, Nikhil and others},
        title = "{The Seventeenth Data Release of the Sloan Digital Sky Surveys: Complete Release of MaNGA, MaStar, and APOGEE-2 Data}",
      journal = {Astrophysical Journal, Supplement},
     keywords = {Astronomy data acquisition, Astronomy databases, Surveys, 1860, 83, 1671, Astrophysics - Astrophysics of Galaxies, Astrophysics - Instrumentation and Methods for Astrophysics},
         year = 2022,
        month = apr,
       volume = {259},
       number = {2},
          eid = {35},
        pages = {35},
          doi = {10.3847/1538-4365/ac4414},
archivePrefix = {arXiv},
       eprint = {2112.02026},
 primaryClass = {astro-ph.GA},
       adsurl = {https://ui.adsabs.harvard.edu/abs/2022ApJS..259...35A},
      adsnote = {Provided by the SAO/NASA Astrophysics Data System}
}

@ARTICLE{galaxyzoo,
       author = {{Lintott}, Chris J. and {Schawinski}, Kevin and {Slosar}, An{\v{z}}e and others},
        title = "{Galaxy Zoo: morphologies derived from visual inspection of galaxies from the Sloan Digital Sky Survey}",
      journal = {Monthly Notices of the RAS},
     keywords = {methods: data analysis, galaxies: elliptical and lenticular, cD, galaxies: general, galaxies: spiral, Astrophysics},
         year = 2008,
        month = sep,
       volume = {389},
       number = {3},
        pages = {1179-1189},
          doi = {10.1111/j.1365-2966.2008.13689.x},
archivePrefix = {arXiv},
       eprint = {0804.4483},
 primaryClass = {astro-ph},
       adsurl = {https://ui.adsabs.harvard.edu/abs/2008MNRAS.389.1179L},
      adsnote = {Provided by the SAO/NASA Astrophysics Data System}
}

@article{niu2020,
  title={A decade survey of transfer learning (2010--2020)},
  author={Niu, Shuteng and Liu, Yongxin and Wang, Jian and Song, Houbing},
  journal={IEEE Transactions on Artificial Intelligence},
  volume={1},
  number={2},
  pages={151--166},
  year={2020},
  publisher={IEEE}
}


@ARTICLE{knn,
  author={Cover, T. and Hart, P.},
  journal={IEEE Transactions on Information Theory}, 
  title={Nearest neighbor pattern classification}, 
  year={1967},
  volume={13},
  number={1},
  pages={21-27},
  doi={10.1109/TIT.1967.1053964}}


@inproceedings{knn_docs,
  title={Text categorization with support vector machines: Learning with many relevant features},
  author={Joachims, Thorsten},
  booktitle={European conference on machine learning},
  pages={137-142},
  year={1998},
  organization={Springer}
}


@article{knn_recomendations,
  title={Amazon.com recommendations: Item-to-item collaborative filtering},
  author={Linden, Greg and Smith, Brent and York, Jeremy},
  journal={IEEE Internet Computing},
  volume={7},
  number={1},
  pages={76--80},
  year={2003},
  publisher={IEEE}
}

@article{knn_biomed,
  title={Convolutional Neural Networks Enable Machine Diagnosis of Acute Appendicitis in a Prospective Cohort},
  author={Stoeckel, Joerg and Maier, Andreas and Wetzl, Jens and Behrends, Moritz and Maier-Hein, Lena},
  journal={Annals of Surgery},
  volume={271},
  number={5},
  pages={865--871},
  year={2020},
  publisher={Lippincott Williams \& Wilkins}
}

@inproceedings{knn_cv,
  title={ImageNet classification with deep convolutional neural networks},
  author={Krizhevsky, Alex and Sutskever, Ilya and Hinton, Geoffrey E.},
  booktitle={Advances in neural information processing systems},
  pages={1097--1105},
  year={2012}
}

@article{knn_prices,
  title={Forecasting stock indices with back propagation neural network},
  author={Liu, Chenwei and Yao, Jingtao},
  journal={International Journal of Business and Management},
  volume={5},
  number={10},
  pages={87--94},
  year={2010}
}

@article{knn_dna,
  title={Identification of common molecular subsequences},
  author={Smith, Temple F. and Waterman, Michael S.},
  journal={Journal of Molecular Biology},
  volume={147},
  number={1},
  pages={195--197},
  year={1981},
  publisher={Elsevier}
}

@ARTICLE{ml,
  author={Samuel, A. L.},
  journal={IBM Journal of Research and Development}, 
  title={Some studies in machine learning using the game of checkers}, 
  year={1959},
  volume={44},
  number={1.2},
  pages={206-226},
  doi={10.1147/rd.441.0206}
}

@inproceedings{batch_norm,
author = {Ioffe, Sergey and Szegedy, Christian},
title = {Batch Normalization: Accelerating Deep Network Training by Reducing Internal Covariate Shift},
year = {2015},
publisher = {JMLR.org},
booktitle = {Proceedings of the 32nd International Conference on International Conference on Machine Learning - Volume 37},
pages = {448–456},
numpages = {9},
location = {Lille, France},
series = {ICML'15}
}

@misc{cosine_anealing,
title={SGDR: Stochastic Gradient Descent with Warm Restarts}, 
author={Ilya Loshchilov and Frank Hutter},
year={2017},
eprint={1608.03983},
archivePrefix={arXiv},
primaryClass={cs.LG}
}

@inproceedings{optuna,
  title={Optuna: A next-generation hyperparameter optimization framework},
  author={Akiba, Takuya and Sano, Shotaro and Yanase, Toshihiko and Ohta, Takeru and Koyama, Masanori},
  booktitle={Proceedings of the 25th ACM SIGKDD international conference on knowledge discovery \& data mining},
  pages={2623--2631},
  year={2019}
}

@inproceedings{automl,
 author = {Snoek, Jasper and Larochelle, Hugo and Adams, Ryan P},
 booktitle = {Advances in Neural Information Processing Systems},
 editor = {F. Pereira and C.J. Burges and L. Bottou and K.Q. Weinberger},
 pages = {},
 publisher = {Curran Associates, Inc.},
 title = {Practical Bayesian Optimization of Machine Learning Algorithms},
 url = {https://proceedings.neurips.cc/paper_files/paper/2012/file/05311655a15b75fab86956663e1819cd-Paper.pdf},
 volume = {25},
 year = {2012}
}


@article{motpe,
  title={Algorithms for hyper-parameter optimization},
  author={Bergstra, James and Bardenet, R{\'e}mi and Bengio, Yoshua and K{\'e}gl, Bal{\'a}zs},
  journal={Advances in neural information processing systems},
  volume={24},
  year={2011}
}

@article{hyperband,
  title={Hyperband: A novel bandit-based approach to hyperparameter optimization},
  author={Li, Lisha and Jamieson, Kevin and DeSalvo, Giulia and Rostamizadeh, Afshin and Talwalkar, Ameet},
  journal={The journal of machine learning research},
  volume={18},
  number={1},
  pages={6765--6816},
  year={2017},
  publisher={JMLR. org}
}

@inproceedings{successive_halving,
  title={Non-stochastic best arm identification and hyperparameter optimization},
  author={Jamieson, Kevin and Talwalkar, Ameet},
  booktitle={Artificial intelligence and statistics},
  pages={240--248},
  year={2016},
  organization={PMLR}
}

@article{vaswani2017attention,
  title={Attention is all you need},
  author={Vaswani, Ashish and Shazeer, Noam and Parmar, Niki and others},
  journal={Advances in neural information processing systems},
  volume={30},
  year={2017}
}

@article{ViT,
  title={An Image is Worth 16x16 Words: Transformers for Image Recognition at Scale},
  author={Dosovitskiy, Alexey and Beyer, Lucas and Kolesnikov, Alexander and Weissenborn, Dirk and Zhai, Xiaohua and Unterthiner, Thomas and  Dehghani, Mostafa and Minderer, Matthias and Heigold, Georg and Gelly, Sylvain and Uszkoreit, Jakob and Houlsby, Neil},
  journal={ICLR},
  year={2021}
}

@inproceedings{MaxViT,
  title={Maxvit: Multi-axis vision transformer},
  author={Tu, Zhengzhong and Talebi, Hossein and Zhang, Han and Yang, Feng and Milanfar, Peyman and Bovik, Alan and Li, Yinxiao},
  booktitle={European conference on computer vision},
  pages={459--479},
  year={2022},
  organization={Springer}
}

@article{hnsw,
  title={Efficient and robust approximate nearest neighbor search using hierarchical navigable small world graphs},
  author={Malkov, Yu A and Yashunin, Dmitry A},
  journal={IEEE transactions on pattern analysis and machine intelligence},
  volume={42},
  number={4},
  pages={824--836},
  year={2018},
  publisher={IEEE}
}


@article{M87_blackhole,
	author = {{The Event Horizon Telescope Collaboration} and Akiyama, Kazunori and Alberdi, Antxon and Alef, Walter and Asada, Keiichi and Azulay, Rebecca and Baczko, Anne-Kathrin and Ball, David and Balokovi{\ifmmode\acute{c}\else\'{c}\fi}, Mislav and Barrett, John and Bintley, Dan and Blackburn, Lindy and Boland, Wilfred and Bouman, Katherine L. and Bower, Geoffrey C. and Bremer, Michael and Brinkerink, Christiaan D. and Brissenden, Roger and Britzen, Silke and Broderick, Avery E. and Broguiere, Dominique and Bronzwaer, Thomas and Byun, Do-Young and Carlstrom, John E. and Chael, Andrew and Chan, Chi-kwan and Chatterjee, Shami and Chatterjee, Koushik and Chen, Ming-Tang and Chen, Yongjun and Cho, Ilje and Christian, Pierre and Conway, John E. and Cordes, James M. and Crew, Geoffrey B. and Cui, Yuzhu and Davelaar, Jordy and De Laurentis, Mariafelicia and Deane, Roger and Dempsey, Jessica and Desvignes, Gregory and Dexter, Jason and Doeleman, Sheperd S. and Eatough, Ralph P. and Falcke, Heino and Fish, Vincent L. and Fomalont, Ed and Fraga-Encinas, Raquel and Freeman, William T. and Friberg, Per and Fromm, Christian M. and G{\ifmmode\acute{o}\else\'{o}\fi}mez, Jos{\ifmmode\acute{e}\else\'{e}\fi} L. and Galison, Peter and Gammie, Charles F. and Garc{\ifmmode\acute{\imath}\else\'{\i}\fi}a, Roberto and Gentaz, Olivier and Georgiev, Boris and Goddi, Ciriaco and Gold, Roman and Gu, Minfeng and Gurwell, Mark and Hada, Kazuhiro and Hecht, Michael H. and Hesper, Ronald and Ho, Luis C. and Ho, Paul and Honma, Mareki and Huang, Chih-Wei L. and Huang, Lei and Hughes, David H. and Ikeda, Shiro and Inoue, Makoto and Issaoun, Sara and James, David J. and Jannuzi, Buell T. and Janssen, Michael and Jeter, Britton and Jiang, Wu and Johnson, Michael D. and Jorstad, Svetlana and Jung, Taehyun and Karami, Mansour and Karuppusamy, Ramesh and Kawashima, Tomohisa and Keating, Garrett K. and Kettenis, Mark and Kim, Jae-Young and Kim, Junhan and Kim, Jongsoo and Kino, Motoki and Koay, Jun Yi and Koch, Patrick M. and Koyama, Shoko and Kramer, Michael and Kramer, Carsten and Krichbaum, Thomas P. and Kuo, Cheng-Yu and Lauer, Tod R. and Lee, Sang-Sung and Li, Yan-Rong and Li, Zhiyuan and Lindqvist, Michael and Liu, Kuo and Liuzzo, Elisabetta and Lo, Wen-Ping and Lobanov, Andrei P. and Loinard, Laurent and Lonsdale, Colin and Lu, Ru-Sen and MacDonald, Nicholas R. and Mao, Jirong and Markoff, Sera and Marrone, Daniel P. and Marscher, Alan P. and Mart{\ifmmode\acute{\imath}\else\'{\i}\fi}-Vidal, Iv{\ifmmode\acute{a}\else\'{a}\fi}n and Matsushita, Satoki and Matthews, Lynn D. and Medeiros, Lia and Menten, Karl M. and Mizuno, Yosuke and Mizuno, Izumi and Moran, James M. and Moriyama, Kotaro and Moscibrodzka, Monika and M{\ifmmode\ddot{u}\else\"{u}\fi}ller, Cornelia and Nagai, Hiroshi and Nagar, Neil M. and Nakamura, Masanori and Narayan, Ramesh and Narayanan, Gopal and Natarajan, Iniyan and Neri, Roberto and Ni, Chunchong and Noutsos, Aristeidis and Okino, Hiroki and Olivares, H{\ifmmode\acute{e}\else\'{e}\fi}ctor and Ortiz-Le{\ifmmode\acute{o}\else\'{o}\fi}n, Gisela N. and Oyama, Tomoaki and {\ifmmode\ddot{O}\else\"{O}\fi}zel, Feryal and Palumbo, Daniel C. M. and Patel, Nimesh and Pen, Ue-Li and Pesce, Dominic W. and Pi{\ifmmode\acute{e}\else\'{e}\fi}tu, Vincent and Plambeck, Richard and PopStefanija, Aleksandar and Porth, Oliver and Prather, Ben and Preciado-L{\ifmmode\acute{o}\else\'{o}\fi}pez, Jorge A. and Psaltis, Dimitrios and Pu, Hung-Yi and Ramakrishnan, Venkatessh and Rao, Ramprasad and Rawlings, Mark G. and Raymond, Alexander W. and Rezzolla, Luciano and Ripperda, Bart and Roelofs, Freek and Rogers, Alan and Ros, Eduardo and Rose, Mel and Roshanineshat, Arash and Rottmann, Helge and Roy, Alan L. and Ruszczyk, Chet and Ryan, Benjamin R. and Rygl, Kazi L. J. and S{\ifmmode\acute{a}\else\'{a}\fi}nchez, Salvador and S{\ifmmode\acute{a}\else\'{a}\fi}nchez-Arguelles, David and Sasada, Mahito and Savolainen, Tuomas and Schloerb, F. Peter and Schuster, Karl-Friedrich and Shao, Lijing and Shen, Zhiqiang and Small, Des and Sohn, Bong Won and SooHoo, Jason and Tazaki, Fumie and Tiede, Paul and Tilanus, Remo P. J. and Titus, Michael and Toma, Kenji and Torne, Pablo and Trent, Tyler and Trippe, Sascha and Tsuda, Shuichiro and van Bemmel, Ilse and van Langevelde, Huib Jan and van Rossum, Daniel R. and Wagner, Jan and Wardle, John and Weintroub, Jonathan and Wex, Norbert and Wharton, Robert and Wielgus, Maciek and Wong, George N. and Wu, Qingwen and Young, Ken and Young, Andr{\ifmmode\acute{e}\else\'{e}\fi} and Younsi, Ziri and Yuan, Feng and Yuan, Ye-Fei and Zensus, J. Anton and Zhao, Guangyao and Zhao, Shan-Shan and Zhu, Ziyan and Algaba, Juan-Carlos and Allardi, Alexander and Amestica, Rodrigo and Anczarski, Jadyn and Bach, Uwe and Baganoff, Frederick K. and Beaudoin, Christopher and Benson, Bradford A. and Berthold, Ryan and Blanchard, Jay M. and Blundell, Ray and Bustamente, Sandra and Cappallo, Roger and Castillo-Dom{\ifmmode\acute{\imath}\else\'{\i}\fi}nguez, Edgar and Chang, Chih-Cheng and Chang, Shu-Hao and Chang, Song-Chu and Chen, Chung-Chen and Chilson, Ryan and Chuter, Tim C. and Rosado, Rodrigo C{\ifmmode\acute{o}\else\'{o}\fi}rdova and Coulson, Iain M. and Crawford, Thomas M. and Crowley, Joseph and David, John and Derome, Mark and Dexter, Matthew and Dornbusch, Sven and Dudevoir, Kevin A. and Dzib, Sergio A. and Eckart, Andreas and Eckert, Chris and Erickson, Neal R. and Everett, Wendeline B. and Faber, Aaron and Farah, Joseph R. and Fath, Vernon and Folkers, Thomas W. and Forbes, David C. and Freund, Robert and G{\ifmmode\acute{o}\else\'{o}\fi}mez-Ruiz, Arturo I. and Gale, David M. and Gao, Feng and Geertsema, Gertie and Graham, David A. and Greer, Christopher H. and Grosslein, Ronald and Gueth, Fr{\ifmmode\acute{e}\else\'{e}\fi}d{\ifmmode\acute{e}\else\'{e}\fi}ric and Haggard, Daryl and Halverson, Nils W. and Han, Chih-Chiang and Han, Kuo-Chang and Hao, Jinchi and Hasegawa, Yutaka and Henning, Jason W. and Hern{\ifmmode\acute{a}\else\'{a}\fi}ndez-G{\ifmmode\acute{o}\else\'{o}\fi}mez, Antonio and Herrero-Illana, Rub{\ifmmode\acute{e}\else\'{e}\fi}n and Heyminck, Stefan and Hirota, Akihiko and Hoge, James and Huang, Yau-De and Impellizzeri, C. M. Violette and Jiang, Homin and Kamble, Atish and Keisler, Ryan and Kimura, Kimihiro and Kono, Yusuke and Kubo, Derek and Kuroda, John and Lacasse, Richard and Laing, Robert A. and Leitch, Erik M. and Li, Chao-Te and Lin, Lupin C.-C. and Liu, Ching-Tang and Liu, Kuan-Yu and Lu, Li-Ming and Marson, Ralph G. and Martin-Cocher, Pierre L. and Massingill, Kyle D. and Matulonis, Callie and McColl, Martin P. and McWhirter, Stephen R. and Messias, Hugo and Meyer-Zhao, Zheng and Michalik, Daniel and Monta{\ifmmode\tilde{n}\else\~{n}\fi}a, Alfredo and Montgomerie, William and Mora-Klein, Matias and Muders, Dirk and Nadolski, Andrew and Navarro, Santiago and Neilsen, Joseph and Nguyen, Chi H. and Nishioka, Hiroaki and Norton, Timothy and Nowak, Michael A. and Nystrom, George and Ogawa, Hideo and Oshiro, Peter and Oyama, Tomoaki and Parsons, Harriet and Paine, Scott N. and Pe{\ifmmode\tilde{n}\else\~{n}\fi}alver, Juan and Phillips, Neil M. and Poirier, Michael and Pradel, Nicolas and Primiani, Rurik A. and Raffin, Philippe A. and Rahlin, Alexandra S. and Reiland, George and Risacher, Christopher and Ruiz, Ignacio and S{\ifmmode\acute{a}\else\'{a}\fi}ez-Mada{\ifmmode\acute{\imath}\else\'{\i}\fi}n, Alejandro F. and Sassella, Remi and Schellart, Pim and Shaw, Paul and Silva, Kevin M. and Shiokawa, Hotaka and Smith, David R. and Snow, William and Souccar, Kamal and Sousa, Don and Sridharan, T. K. and Srinivasan, Ranjani and Stahm, William and Stark, Anthony A. and Story, Kyle and Timmer, Sjoerd T. and Vertatschitsch, Laura and Walther, Craig and Wei, Ta-Shun and Whitehorn, Nathan and Whitney, Alan R. and Woody, David P. and Wouterloot, Jan G. A. and Wright, Melvin and Yamaguchi, Paul and Yu, Chen-Yu and Zeballos, Milagros and Zhang, Shuo and Ziurys, Lucy},
	title = {{First M87 Event Horizon Telescope Results. I. The Shadow of the Supermassive Black Hole}},
	journal = {Astrophys. J. Lett.},
	volume = {875},
	number = {1},
	pages = {L1},
	year = {2019},
	month = apr,
	issn = {2041-8205},
	publisher = {The American Astronomical Society},
	doi = {10.3847/2041-8213/ab0ec7}
}


@article{cnn,
  title={Gradient-based learning applied to document recognition},
  author={LeCun, Yann and Bottou, L{\'e}on and Bengio, Yoshua and Haffner, Patrick},
  journal={Proceedings of the IEEE},
  volume={86},
  number={11},
  pages={2278--2324},
  year={1998},
  publisher={Ieee},
  doi={10.1109/5.726791},
}

@misc{ViT,
  title={An Image is Worth 16x16 Words: Transformers for Image Recognition at Scale}, 
  author={Alexey Dosovitskiy and Lucas Beyer and Alexander Kolesnikov and Dirk Weissenborn and Xiaohua Zhai and Thomas Unterthiner and Mostafa Dehghani and Matthias Minderer and Georg Heigold and Sylvain Gelly and Jakob Uszkoreit and Neil Houlsby},
  year={2021},
  eprint={2010.11929},
  archivePrefix={arXiv},
  primaryClass={cs.CV}
}

@inproceedings{kdtree,
  title={Approximate kd tree search for efficient ICP},
  author={Greenspan, Michael and Yurick, Mike},
  booktitle={Fourth International Conference on 3-D Digital Imaging and Modeling, 2003. 3DIM 2003. Proceedings.},
  pages={442--448},
  year={2003},
  organization={IEEE},
  doi={10.1109/IM.2003.1240280}
}

@inproceedings{lsh,
author = {Datar, Mayur and Immorlica, Nicole and Indyk, Piotr and Mirrokni, Vahab S.},
title = {Locality-sensitive hashing scheme based on p-stable distributions},
year = {2004},
isbn = {1581138857},
publisher = {Association for Computing Machinery},
address = {New York, NY, USA},
doi = {10.1145/997817.997857},
booktitle = {Proceedings of the Twentieth Annual Symposium on Computational Geometry},
pages = {253–262},
numpages = {10},
location = {Brooklyn, New York, USA},
series = {SCG '04}
}


@ARTICLE{hnsw,
  author={Malkov, Yu A. and Yashunin, D. A.},
  journal={IEEE Transactions on Pattern Analysis and Machine Intelligence}, 
  title={Efficient and Robust Approximate Nearest Neighbor Search Using Hierarchical Navigable Small World Graphs}, 
  year={2020},
  volume={42},
  number={4},
  pages={824-836},
  doi={10.1109/TPAMI.2018.2889473}
}



@inproceedings{ivfflat,
title = "Learning Passage Impacts for Inverted Indexes",
keywords = "inverted index, neural IR, query processing, term weighting",
author = "Antonio Mallia and Omar Khattab and Torsten Suel and Nicola Tonellotto",
year = "2021",
month = jul,
day = "11",
doi = "10.1145/3404835.3463030",
language = "English (US)",
series = "SIGIR 2021 - Proceedings of the 44th International ACM SIGIR Conference on Research and Development in Information Retrieval",
publisher = "Association for Computing Machinery, Inc",
pages = "1723--1727",
booktitle = "SIGIR 2021 - Proceedings of the 44th International ACM SIGIR Conference on Research and Development in Information Retrieval",
}


@article{galaxyzoo,
    author = {Lintott, Chris J. and Schawinski, Kevin and Slosar, Anže and Land, Kate and Bamford, Steven and Thomas, Daniel and Raddick, M. Jordan and Nichol, Robert C. and Szalay, Alex and Andreescu, Dan and Murray, Phil and Vandenberg, Jan},
    title = "{Galaxy Zoo: morphologies derived from visual inspection of galaxies from the Sloan Digital Sky Survey*}",
    journal = {Monthly Notices of the Royal Astronomical Society},
    volume = {389},
    number = {3},
    pages = {1179-1189},
    year = {2008},
    month = {09},
    issn = {0035-8711},
    doi = {10.1111/j.1365-2966.2008.13689.x},
}


@article{cs-bonney,
author = {Rick Bonney and Tina B. Phillips and Heidi L. Ballard and Jody W. Enck},
title ={Can citizen science enhance public understanding of science?},
journal = {Public Understanding of Science},
volume = {25},
number = {1},
pages = {2-16},
year = {2016},
doi = {10.1177/0963662515607406},
note = {PMID: 26445860},
}


@book{cs-book,
	title = {{The Science of Citizen Science}},
	journal = {SpringerLink},
	isbn = {978-3-030-58278-4},
	publisher = {Springer International Publishing},
	address = {Cham, Switzerland},
	url = {https://link.springer.com/book/10.1007/978-3-030-58278-4},
    doi={10.1007/978-3-030-58278-4},
}

@incollection{cs-naturalscience,
	author = {Frigerio, Didone and Richter, Anett and Per, Esra and Pruse, Baiba and Vohland, Katrin},
	title = {{Citizen Science in the Natural Sciences}},
	booktitle = {{The Science of Citizen Science}},
	journal = {SpringerLink},
	pages = {79--96},
	year = {2021},
	month = jan,
	isbn = {978-3-030-58278-4},
	publisher = {Springer},
	address = {Cham, Switzerland},
	doi = {10.1007/978-3-030-58278-4_5},
}

@incollection{cs-ml,
	author = {Franzen, Martina and Kloetzer, Laure and Ponti, Marisa and Trojan, Jakub and Vicens, Juli{\ifmmode\acute{a}\else\'{a}\fi}n},
	title = {{Machine Learning in Citizen Science: Promises and Implications}},
	booktitle = {{The Science of Citizen Science}},
	journal = {SpringerLink},
	pages = {183--198},
	year = {2021},
	month = jan,
	isbn = {978-3-030-58278-4},
	publisher = {Springer},
	address = {Cham, Switzerland},
	doi = {10.1007/978-3-030-58278-4_10}
}

@article{esnet,
	author = {Cardoso, N. M. and Schwarz, G. B. Oliveira and Dias, L. O. and De Bom, C. R. and Sodr{\ifmmode\acute{e}\else\'{e}\fi}, Jr., L. and de Oliveira, C. Mendes},
	title = {{Classifica{\ifmmode\mbox{\c{c}}\else\c{c}\fi}{\ifmmode\tilde{a}\else\~{a}\fi}o Morfol{\ifmmode\acute{o}\else\'{o}\fi}gica de Gal{\ifmmode\acute{a}\else\'{a}\fi}xias no S-PLUS por Combina{\ifmmode\mbox{\c{c}}\else\c{c}\fi}{\ifmmode\tilde{a}\else\~{a}\fi}o de Redes Convolucionais}},
	journal = {NT},
	volume = {11},
	number = {2},
	year = {2021},
	month = nov,
	issn = {2236-7640},
	doi = {10.7437/nt2236-7640/2021.02.002},
}

@article{clecio,
	author = {Bom, C. R. and Cortesi, A. and Lucatelli, G. and Dias, L. O. and Schubert, P. and Oliveira Schwarz, G. B. and Cardoso, N. M. and Lima, E. V. R. and Mendes de Oliveira, C. and Sodre, Jr.,  L. and Smith Castelli, A. V. and Ferrari, F. and Damke, G. and Overzier, R. and Kanaan, A. and Ribeiro, T. and Schoenell, W.},
	title = {{Deep Learning assessment of galaxy morphology in S-PLUS Data Release 1}},
	journal = {Mon. Not. R. Astron. Soc.},
	volume = {507},
	number = {2},
	pages = {1937--1955},
	year = {2021},
	month = oct,
	issn = {0035-8711},
	publisher = {Oxford Academic},
	doi = {10.1093/mnras/stab1981}
}


@article{lsst,
	author = {Ivezi{\ifmmode\acute{c}\else\'{c}\fi}, {\ifmmode\check{Z}\else\v{Z}\fi}eljko and Kahn, Steven M. and Tyson, J. Anthony and Abel, Bob and Acosta, Emily and Allsman, Robyn and Alonso, David and AlSayyad, Yusra and Anderson, Scott F. and Andrew, John and Angel, James Roger P. and Angeli, George Z. and Ansari, Reza and Antilogus, Pierre and Araujo, Constanza and Armstrong, Robert and Arndt, Kirk T. and Astier, Pierre and Aubourg, {\ifmmode\acute{E}\else\'{E}\fi}ric and Auza, Nicole and Axelrod, Tim S. and Bard, Deborah J. and Barr, Jeff D. and Barrau, Aurelian and Bartlett, James G. and Bauer, Amanda E. and Bauman, Brian J. and Baumont, Sylvain and Bechtol, Ellen and Bechtol, Keith and Becker, Andrew C. and Becla, Jacek and Beldica, Cristina and Bellavia, Steve and Bianco, Federica B. and Biswas, Rahul and Blanc, Guillaume and Blazek, Jonathan and Blandford, Roger D. and Bloom, Josh S. and Bogart, Joanne and Bond, Tim W. and Booth, Michael T. and Borgland, Anders W. and Borne, Kirk and Bosch, James F. and Boutigny, Dominique and Brackett, Craig A. and Bradshaw, Andrew and Brandt, William Nielsen and Brown, Michael E. and Bullock, James S. and Burchat, Patricia and Burke, David L. and Cagnoli, Gianpietro and Calabrese, Daniel and Callahan, Shawn and Callen, Alice L. and Carlin, Jeffrey L. and Carlson, Erin L. and Chandrasekharan, Srinivasan and Charles-Emerson, Glenaver and Chesley, Steve and Cheu, Elliott C. and Chiang, Hsin-Fang and Chiang, James and Chirino, Carol and Chow, Derek and Ciardi, David R. and Claver, Charles F. and Cohen-Tanugi, Johann and Cockrum, Joseph J. and Coles, Rebecca and Connolly, Andrew J. and Cook, Kem H. and Cooray, Asantha and Covey, Kevin R. and Cribbs, Chris and Cui, Wei and Cutri, Roc and Daly, Philip N. and Daniel, Scott F. and Daruich, Felipe and Daubard, Guillaume and Daues, Greg and Dawson, William and Delgado, Francisco and Dellapenna, Alfred and de Peyster, Robert and de Val-Borro, Miguel and Digel, Seth W. and Doherty, Peter and Dubois, Richard and Dubois-Felsmann, Gregory P. and Durech, Josef and Economou, Frossie and Eifler, Tim and Eracleous, Michael and Emmons, Benjamin L. and Fausti Neto, Angelo and Ferguson, Henry and Figueroa, Enrique and Fisher-Levine, Merlin and Focke, Warren and Foss, Michael D. and Frank, James and Freemon, Michael D. and Gangler, Emmanuel and Gawiser, Eric and Geary, John C. and Gee, Perry and Geha, Marla and Gessner, Charles J. B. and Gibson, Robert R. and Gilmore, D. Kirk and Glanzman, Thomas and Glick, William and Goldina, Tatiana and Goldstein, Daniel A. and Goodenow, Iain and Graham, Melissa L. and Gressler, William J. and Gris, Philippe and Guy, Leanne P. and Guyonnet, Augustin and Haller, Gunther and Harris, Ron and Hascall, Patrick A. and Haupt, Justine and Hernandez, Fabio and Herrmann, Sven and Hileman, Edward and Hoblitt, Joshua and Hodgson, John A. and Hogan, Craig and Howard, James D. and Huang, Dajun and Huffer, Michael E. and Ingraham, Patrick and Innes, Walter R. and Jacoby, Suzanne H. and Jain, Bhuvnesh and Jammes, Fabrice and Jee, M. James and Jenness, Tim and Jernigan, Garrett and Jevremovi{\ifmmode\acute{c}\else\'{c}\fi}, Darko and Johns, Kenneth and Johnson, Anthony S. and Johnson, Margaret W. G. and Jones, R. Lynne and Juramy-Gilles, Claire and Juri{\ifmmode\acute{c}\else\'{c}\fi}, Mario and Kalirai, Jason S. and Kallivayalil, Nitya J. and Kalmbach, Bryce and Kantor, Jeffrey P. and Karst, Pierre and Kasliwal, Mansi M. and Kelly, Heather and Kessler, Richard and Kinnison, Veronica and Kirkby, David and Knox, Lloyd and Kotov, Ivan V. and Krabbendam, Victor L. and Krughoff, K. Simon and Kub{\ifmmode\acute{a}\else\'{a}\fi}nek, Petr and Kuczewski, John and Kulkarni, Shri and Ku, John and Kurita, Nadine R. and Lage, Craig S. and Lambert, Ron and Lange, Travis and Langton, J. Brian and Le Guillou, Laurent and Levine, Deborah and Liang, Ming and Lim, Kian-Tat and Lintott, Chris J. and Long, Kevin E. and Lopez, Margaux and Lotz, Paul J. and Lupton, Robert H. and Lust, Nate B. and MacArthur, Lauren A. and Mahabal, Ashish and Mandelbaum, Rachel and Markiewicz, Thomas W. and Marsh, Darren S. and Marshall, Philip J. and Marshall, Stuart and May, Morgan and McKercher, Robert and McQueen, Michelle and Meyers, Joshua and Migliore, Myriam and Miller, Michelle and Mills, David J. and Miraval, Connor and Moeyens, Joachim and Moolekamp, Fred E. and Monet, David G. and Moniez, Marc and Monkewitz, Serge and Montgomery, Christopher and Morrison, Christopher B. and Mueller, Fritz and Muller, Gary P. and Mu{\ifmmode\tilde{n}\else\~{n}\fi}oz Arancibia, Freddy and Neill, Douglas R. and Newbry, Scott P. and Nief, Jean-Yves and Nomerotski, Andrei and Nordby, Martin and O'Connor, Paul and Oliver, John and Olivier, Scot S. and Olsen, Knut and O'Mullane, William and Ortiz, Sandra and Osier, Shawn and Owen, Russell E. and Pain, Reynald and Palecek, Paul E. and Parejko, John K. and Parsons, James B. and Pease, Nathan M. and Peterson, J. Matt and Peterson, John R. and Petravick, Donald L. and Libby Petrick, M. E. and Petry, Cathy E. and Pierfederici, Francesco and Pietrowicz, Stephen and Pike, Rob and Pinto, Philip A. and Plante, Raymond and Plate, Stephen and Plutchak, Joel P. and Price, Paul A. and Prouza, Michael and Radeka, Veljko and Rajagopal, Jayadev and Rasmussen, Andrew P. and Regnault, Nicolas and Reil, Kevin A. and Reiss, David J. and Reuter, Michael A. and Ridgway, Stephen T. and Riot, Vincent J. and Ritz, Steve and Robinson, Sean and Roby, William and Roodman, Aaron and Rosing, Wayne and Roucelle, Cecille and Rumore, Matthew R. and Russo, Stefano and Saha, Abhijit and Sassolas, Benoit and Schalk, Terry L. and Schellart, Pim and Schindler, Rafe H. and Schmidt, Samuel and Schneider, Donald P. and Schneider, Michael D. and Schoening, William and Schumacher, German and Schwamb, Megan E. and Sebag, Jacques and Selvy, Brian and Sembroski, Glenn H. and Seppala, Lynn G. and Serio, Andrew and Serrano, Eduardo and Shaw, Richard A. and Shipsey, Ian and Sick, Jonathan and Silvestri, Nicole and Slater, Colin T. and Smith, J. Allyn and Smith, R. Chris and Sobhani, Shahram and Soldahl, Christine and Storrie-Lombardi, Lisa and Stover, Edward and Strauss, Michael A. and Street, Rachel A. and Stubbs, Christopher W. and Sullivan, Ian S. and Sweeney, Donald and Swinbank, John D. and Szalay, Alexander and Takacs, Peter and Tether, Stephen A. and Thaler, Jon J. and Thayer, John Gregg and Thomas, Sandrine and Thornton, Adam J. and Thukral, Vaikunth and Tice, Jeffrey and Trilling, David E. and Turri, Max and Van Berg, Richard and Vanden Berk, Daniel and Vetter, Kurt and Virieux, Francoise and Vucina, Tomislav and Wahl, William and Walkowicz, Lucianne and Walsh, Brian and Walter, Christopher W. and Wang, Daniel L. and Wang, Shin-Yawn and Warner, Michael and Wiecha, Oliver and Willman, Beth and Winters, Scott E. and Wittman, David and Wolff, Sidney C. and Wood-Vasey, W. Michael and Wu, Xiuqin and Xin, Bo and Yoachim, Peter and Zhan, Hu},
	title = {{LSST: From Science Drivers to Reference Design and Anticipated Data Products}},
	journal = {Astrophys. J.},
	volume = {873},
	number = {2},
	pages = {111},
	year = {2019},
	month = mar,
	issn = {0004-637X},
	doi = {10.3847/1538-4357/ab042c}
}


@article{legacy,
	author = {Dey, Arjun and Schlegel, David J. and Lang, Dustin and Blum, Robert and Burleigh, Kaylan and Fan, Xiaohui and Findlay, Joseph R. and Finkbeiner, Doug and Herrera, David and Juneau, St{\ifmmode\acute{e}\else\'{e}\fi}phanie and Landriau, Martin and Levi, Michael and McGreer, Ian and Meisner, Aaron and Myers, Adam D. and Moustakas, John and Nugent, Peter and Patej, Anna and Schlafly, Edward F. and Walker, Alistair R. and Valdes, Francisco and Weaver, Benjamin A. and Y{\ifmmode\grave{e}\else\`{e}\fi}che, Christophe and Zou, Hu and Zhou, Xu and Abareshi, Behzad and Abbott, T. M. C. and Abolfathi, Bela and Aguilera, C. and Alam, Shadab and Allen, Lori and Alvarez, A. and Annis, James and Ansarinejad, Behzad and Aubert, Marie and Beechert, Jacqueline and Bell, Eric F. and BenZvi, Segev Y. and Beutler, Florian and Bielby, Richard M. and Bolton, Adam S. and Brice{\ifmmode\tilde{n}\else\~{n}\fi}o, C{\ifmmode\acute{e}\else\'{e}\fi}sar and Buckley-Geer, Elizabeth J. and Butler, Karen and Calamida, Annalisa and Carlberg, Raymond G. and Carter, Paul and Casas, Ricard and Castander, Francisco J. and Choi, Yumi and Comparat, Johan and Cukanovaite, Elena and Delubac, Timoth{\ifmmode\acute{e}\else\'{e}\fi}e and DeVries, Kaitlin and Dey, Sharmila and Dhungana, Govinda and Dickinson, Mark and Ding, Zhejie and Donaldson, John B. and Duan, Yutong and Duckworth, Christopher J. and Eftekharzadeh, Sarah and Eisenstein, Daniel J. and Etourneau, Thomas and Fagrelius, Parker A. and Farihi, Jay and Fitzpatrick, Mike and Font-Ribera, Andreu and Fulmer, Leah and G{\ifmmode\ddot{a}\else\"{a}\fi}nsicke, Boris T. and Gaztanaga, Enrique and George, Koshy and Gerdes, David W. and Gontcho, Satya Gontcho A. and Gorgoni, Claudio and Green, Gregory and Guy, Julien and Harmer, Diane and Hernandez, M. and Honscheid, Klaus and Huang, Lijuan Wendy and James, David J. and Jannuzi, Buell T. and Jiang, Linhua and Joyce, Richard and Karcher, Armin and Karkar, Sonia and Kehoe, Robert and Kneib, Jean-Paul and Kueter-Young, Andrea and Lan, Ting-Wen and Lauer, Tod R. and Le Guillou, Laurent and Le Van Suu, Auguste and Lee, Jae Hyeon and Lesser, Michael and Perreault Levasseur, Laurence and Li, Ting S. and Mann, Justin L. and Marshall, Robert and Mart{\ifmmode\acute{\imath}\else\'{\i}\fi}nez-V{\ifmmode\acute{a}\else\'{a}\fi}zquez, C. E. and Martini, Paul and du Mas des Bourboux, H{\ifmmode\acute{e}\else\'{e}\fi}lion and McManus, Sean and Meier, Tobias Gabriel and M{\ifmmode\acute{e}\else\'{e}\fi}nard, Brice and Metcalfe, Nigel and Mu{\ifmmode\tilde{n}\else\~{n}\fi}oz-Guti{\ifmmode\acute{e}\else\'{e}\fi}rrez, Andrea and Najita, Joan and Napier, Kevin and Narayan, Gautham and Newman, Jeffrey A. and Nie, Jundan and Nord, Brian and Norman, Dara J. and Olsen, Knut A. G. and Paat, Anthony and Palanque-Delabrouille, Nathalie and Peng, Xiyan and Poppett, Claire L. and Poremba, Megan R. and Prakash, Abhishek and Rabinowitz, David and Raichoor, Anand and Rezaie, Mehdi and Robertson, A. N. and Roe, Natalie A. and Ross, Ashley J. and Ross, Nicholas P. and Rudnick, Gregory and Safonova, Sasha and Saha, Abhijit and S{\ifmmode\acute{a}\else\'{a}\fi}nchez, F. Javier and Savary, Elodie and Schweiker, Heidi and Scott, Adam and Seo, Hee-Jong and Shan, Huanyuan and Silva, David R. and Slepian, Zachary and Soto, Christian and Sprayberry, David and Staten, Ryan and Stillman, Coley M. and Stupak, Robert J. and Summers, David L. and Sien Tie, Suk and Tirado, H. and Vargas-Maga{\ifmmode\tilde{n}\else\~{n}\fi}a, Mariana and Vivas, A. Katherina and Wechsler, Risa H. and Williams, Doug and Yang, Jinyi and Yang, Qian and Yapici, Tolga and Zaritsky, Dennis and Zenteno, A. and Zhang, Kai and Zhang, Tianmeng and Zhou, Rongpu and Zhou, Zhimin},
	title = {{Overview of the DESI Legacy Imaging Surveys}},
	journal = {Astron. J.},
	volume = {157},
	number = {5},
	pages = {168},
	year = {2019},
	month = may,
	issn = {0004-6256},
	doi = {10.3847/1538-3881/ab089d}
}


@misc{gmt, title={Overview and status of the Giant Magellan Telescope project}, DOI={10.1117/12.2631694}, journal={Ground-based and Airborne Telescopes IX}, publisher={SPIE}, author={Fanson, James L. and Bernstein, Rebecca and Ashby, David and Bigelow, Bruce C. and Brossus, Glenn and Burgett, William S. and Demers, Richard T. and Fischer, Barbara M. and Figueroa, Francisco and Groark, Frank and Laskin, Robert and Millan-Gabet, Rafael and Park, Samuel and Pi, Martí and Turner, Robert and Walls, Brian}, editor={Marshall, Heather K. and Spyromilio, Jason and Usuda, Tomonori}, year={2022}, month=aug} 


@article{elt,
	author = {Padovani, Paolo and Cirasuolo, Michele},
	title = {{The Extremely Large Telescope}},
	journal = {Contemp. Phys.},
	year = {2023},
	month = jan,
	publisher = {Taylor {\&} Francis},
	doi = {10.1080/00107514.2023.2266921}
}


@article{astronomy_bigdata,
	author = {Kremer, Jan and Stensbo-Smidt, Kristoffer and Gieseke, Fabian and Pedersen, Kim Steenstrup and Igel, Christian},
	title = {{Big Universe, Big Data: Machine Learning and Image Analysis for Astronomy}},
	journal = {IEEE Intell. Syst.},
	volume = {32},
	number = {2},
	pages = {16--22},
	year = {2017},
	month = mar,
	publisher = {IEEE},
	doi = {10.1109/MIS.2017.40}
}


@incollection{astronomy_bigdata_challenges,
	author = {Marquez, M. J. and Nord, Brian},
	title = {{Challenges and Approaches for Mining Astronomical Data and Complex Models}},
	booktitle = {{2019 IEEE International Conference on Big Data, Cloud Computing, Data Science {\&} Engineering (BCD)}},
	journal = {IEEE International Conference on Big Data, Cloud Computing, Data Science {\&} Engineering (BCD)},
    year={2019},
	pages = {29--31},
	publisher = {IEEE},
	doi = {10.1109/BCD.2019.8884988}
}


@article{cnn_representations,
	author = {Tuli, Shikhar and Dasgupta, Ishita and Grant, Erin and Griffiths, Thomas L.},
	title = {{Are Convolutional Neural Networks or Transformers more like human vision?}},
	journal = {arXiv},
	year = {2021},
	month = may,
	doi = {10.48550/arXiv.2105.07197}
}


@article{estrela_neutrons,
	author = {Díaz, M. C. and Macri, L. M. and Lambas, D. Garcia and Oliveira, C. Mendes de and Castellón, J. L. Nilo and Ribeiro, T. and Sánchez, B. and Schoenell, W. and Abramo, L. R. and Akras, S. and Alcaniz, J. S. and Artola, R. and Beroiz, M. and Bonoli, S. and Cabral, J. and Camuccio, R. and Castillo, M. and Chavushyan, V. and Coelho, P. and Colazo, C. and Costa-Duarte, M. V. and Larenas, H. Cuevas and DePoy, D. L. and Romero, M. Domínguez and Dultzin, D. and Fernández, D. and García, J. and Girardini, C. and Gonçalves, D. R. and Gonçalves, T. S. and Gurovich, S. and Jiménez-Teja, Y. and Kanaan, A. and Lares, M. and Lopes de Oliveira, R. and López-Cruz, O. and Marshall, J. L. and Melia, R. and Molino, A. and Padilla, N. and Peñuela, T. and Placco, V. M. and Quiñones, C. and Rivera, A. Ramírez and Renzi, V. and Riguccini, L. and Ríos-López, E. and Rodriguez, H. and Sampedro, L. and Schneiter, M. and Sodré, L. and Starck, M. and Torres-Flores, S. and Tornatore, M. and Zadrożny, A.},
	title = {{Observations of the first electromagnetic counterpart to a gravitational wave source by the TOROS collaboration}},
	journal = {arXiv},
	year = {2017},
	month = oct,
	doi = {10.3847/2041-8213/aa9060}
}
