@book{python,
 author = {Van Rossum, Guido and Drake, Fred L.},
 title = {Python 3 Reference Manual},
 year = {2009},
 isbn = {1441412697},
 publisher = {CreateSpace},
 address = {Scotts Valley, CA}
}

@Article{numpy,
 title         = {Array programming with {NumPy}},
 author        = {Charles R. Harris and K. Jarrod Millman and St{'{e}}fan J.
                 van der Walt and others},
 year          = {2020},
 month         = sep,
 journal       = {Nature},
 volume        = {585},
 number        = {7825},
 pages         = {357--362},
 doi           = {10.1038/s41586-020-2649-2},
 publisher     = {Springer Science and Business Media {LLC}},
 url           = {https://doi.org/10.1038/s41586-020-2649-2}
}

@article{memoization,
  doi = {10.1038/218019a0},
  url = {https://doi.org/10.1038/218019a0},
  year = {1968},
  month = apr,
  publisher = {Springer Science and Business Media {LLC}},
  volume = {218},
  number = {5136},
  pages = {19--22},
  author = {Donald Michie},
  title = {{\textquotedblleft}Memo{\textquotedblright} Functions and Machine Learning},
  journal = {Nature}
}


@BOOK{ryaben,
  title     = "A theoretical introduction to numerical analysis",
  author    = "Ryaben'kii, Victor S and Tsynkov, Semyon V",
  publisher = "Chapman \& Hall/CRC",
  month     =  nov,
  year      =  2006,
  address   = "Philadelphia, PA"
}

@article{bana1,
title="Principes d'une nouvelle techinique de la méthhode des moindres carrés",
author="Tadeusz Banachiewicz",
year="1938",
journal="Bull. Internat. Acad. Polan. Sci. A.",
pages="134--135",
}

@article{bana2,
title="Méthode de résolution numérique des équations linéaires, de calcul des déterminants et des inverses, et de réduction des formes quadratiques",
author="Tadeusz Banachiewicz",
year="1938",
journal="Bull. Internat. Acad. Polan. Sci. A.",
pages="393--404",
}


@article{ex1,
 ISSN = {00361399},
 URL = {http://www.jstor.org/stable/2099533},
 author = {R. Yarlagadda},
 journal = {SIAM Journal on Applied Mathematics},
 number = {6},
 pages = {1146--1162},
 publisher = {Society for Industrial and Applied Mathematics},
 title = {An Application of Tridiagonal Matrices to Network Synthesis},
 urldate = {2022-04-30},
 volume = {16},
 year = {1968}
}

@article{ex2,
    author = {Tan, Linda S L},
    title = "{Explicit inverse of tridiagonal matrix with applications in autoregressive modelling}",
    journal = {IMA Journal of Applied Mathematics},
    volume = {84},
    number = {4},
    pages = {679-695},
    year = {2019},
    month = {07},
    issn = {0272-4960},
    doi = {10.1093/imamat/hxz010},
    url = {https://doi.org/10.1093/imamat/hxz010},
    eprint = {https://academic.oup.com/imamat/article-pdf/84/4/679/29027895/hxz010.pdf},
}


@incollection{ex3,
title = {Chapter 3 - Sound Propagation Modeling},
editor = {Thomas H. Neighbors and David Bradley},
booktitle = {Applied Underwater Acoustics},
publisher = {Elsevier},
pages = {185-272},
year = {2017},
isbn = {978-0-12-811240-3},
doi = {10.1016/B978-0-12-811240-3.00003-5},
url = {https://www.sciencedirect.com/science/article/pii/B9780128112403000035},
author = {S. Ivansson},
}


@misc{doc-01,
  title = {The Python Standard Library Documentation: Sys Module},
  author = {Van Rossum, Guido and others},
  howpublished = {\url{https://docs.python.org/3/library/sys.html#sys.float_info}},
  note = {Accessed: 2022-06-01}
}

@misc{kong,
  title     = "Python programming and numerical methods : a guide for engineers
               and scientists",
  author    = "Kong, Qingkai and Siauw, Timmy and Bayen, Alexandre M",
  note = {Accessed: 2022-06-01},
  howpublished = {\url{https://pythonnumericalmethods.berkeley.edu/notebooks/chapter09.02-Floating-Point-Numbers.html}}
}

@ARTICLE{SciPy,
  author  = {Virtanen, Pauli and others},
  title   = {{{SciPy} 1.0: Fundamental Algorithms for Scientific
            Computing in Python}},
  journal = {Nature Methods},
  year    = {2020},
  volume  = {17},
  pages   = {261--272},
  adsurl  = {https://rdcu.be/b08Wh},
  doi     = {10.1038/s41592-019-0686-2},
}

@article{intro1,
  doi = {10.1090/s0025-5718-69-99647-1},
  url = {https://doi.org/10.1090/s0025-5718-69-99647-1},
  year = {1969},
  publisher = {American Mathematical Society ({AMS})},
  volume = {23},
  number = {106},
  pages = {221--230},
  author = {Gene H. Golub and John H. Welsch},
  title = {Calculation of Gauss quadrature rules},
  journal = {Mathematics of Computation}
}

@BOOK{intro2,
  title     = "Introduction to numerical analysis",
  author    = "Stoer, J and Bulirsch, R",
  publisher = "Springer",
  series    = "Texts in Applied Mathematics",
  edition   =  2,
  month     =  mar,
  year      =  2013,
  address   = "New York, NY",
  language  = "en"
}