@book{python,
 author = {Van Rossum, Guido and Drake, Fred L.},
 title = {Python 3 Reference Manual},
 year = {2009},
 isbn = {1441412697},
 publisher = {CreateSpace},
 address = {Scotts Valley, CA}
}

@Article{numpy,
 title         = {Array programming with {NumPy}},
 author        = {Charles R. Harris and K. Jarrod Millman and St{'{e}}fan J.
                 van der Walt and others},
 year          = {2020},
 month         = sep,
 journal       = {Nature},
 volume        = {585},
 number        = {7825},
 pages         = {357--362},
 doi           = {10.1038/s41586-020-2649-2},
 publisher     = {Springer Science and Business Media {LLC}},
 url           = {https://doi.org/10.1038/s41586-020-2649-2}
}

@article{memoization,
  doi = {10.1038/218019a0},
  url = {https://doi.org/10.1038/218019a0},
  year = {1968},
  month = apr,
  publisher = {Springer Science and Business Media {LLC}},
  volume = {218},
  number = {5136},
  pages = {19--22},
  author = {Donald Michie},
  title = {{\textquotedblleft}Memo{\textquotedblright} Functions and Machine Learning},
  journal = {Nature}
}


@BOOK{ryaben,
  title     = "A theoretical introduction to numerical analysis",
  author    = "Ryaben'kii, Victor S and Tsynkov, Semyon V",
  publisher = "Chapman \& Hall/CRC",
  month     =  nov,
  year      =  2006,
  address   = "Philadelphia, PA"
}

@article{bana1,
title="Principes d'une nouvelle techinique de la méthhode des moindres carrés",
author="Tadeusz Banachiewicz",
year="1938",
journal="Bull. Internat. Acad. Polan. Sci. A.",
pages="134--135",
}

@article{bana2,
title="Méthode de résolution numérique des équations linéaires, de calcul des déterminants et des inverses, et de réduction des formes quadratiques",
author="Tadeusz Banachiewicz",
year="1938",
journal="Bull. Internat. Acad. Polan. Sci. A.",
pages="393--404",
}


@article{ex1,
 ISSN = {00361399},
 URL = {http://www.jstor.org/stable/2099533},
 author = {R. Yarlagadda},
 journal = {SIAM Journal on Applied Mathematics},
 number = {6},
 pages = {1146--1162},
 publisher = {Society for Industrial and Applied Mathematics},
 title = {An Application of Tridiagonal Matrices to Network Synthesis},
 urldate = {2022-04-30},
 volume = {16},
 year = {1968}
}

@article{ex2,
    author = {Tan, Linda S L},
    title = "{Explicit inverse of tridiagonal matrix with applications in autoregressive modelling}",
    journal = {IMA Journal of Applied Mathematics},
    volume = {84},
    number = {4},
    pages = {679-695},
    year = {2019},
    month = {07},
    issn = {0272-4960},
    doi = {10.1093/imamat/hxz010},
    url = {https://doi.org/10.1093/imamat/hxz010},
    eprint = {https://academic.oup.com/imamat/article-pdf/84/4/679/29027895/hxz010.pdf},
}


@incollection{ex3,
title = {Chapter 3 - Sound Propagation Modeling},
editor = {Thomas H. Neighbors and David Bradley},
booktitle = {Applied Underwater Acoustics},
publisher = {Elsevier},
pages = {185-272},
year = {2017},
isbn = {978-0-12-811240-3},
doi = {10.1016/B978-0-12-811240-3.00003-5},
url = {https://www.sciencedirect.com/science/article/pii/B9780128112403000035},
author = {S. Ivansson},
}