@book{saraiva,
  author = {E. Fregni and A. M. Saraiva},
  year = {1995},
  title = {Engenharia do Projeto Lógico Digital: Conceitos e Prática},
  publisher = {Edgard Blücher}
}